@misc{parsec,
   author = {Daan Leijen},
   title = {Parsec, a fast combinator parser},
   url = {http://www.cs.uu.nl/~daan},
   year = {2001},
}
