/home/gnostis/Desktop/lambda-cases/description/description.ltx/parsec.bib